@article{Kumatani2012,
  author = {Kenichi Kumatani and John McDonough and Bhiksha Raj},
  title = {Microphone Array Processing for Distant Speech Recognition},
  journal =IEEE_M_SP,
  year = {2012},
  volume = {},
  number = {},
  pages = {127--140},
  month = {Nov.},
  otherinfo = {}
}
@book{naylor2010speech,
  title={Speech Dereverberation},
  author={Patrick, Naylor and Nikolay, Gaubitch},
  year={2010},
  publisher={Springer},
  address = {New York}
}

@book{kuttruff2016room,
  title={Room acoustics},
  author={Kuttruff, Heinrich},
  year={2016},
  publisher={Crc Press}
}

@conference{Kallasjoki2014,
  AUTHOR =       {Heikki Kallasjoki and Jort F. Gemmeke and Kalle J. Palomaki and  Amy V. Beeston and Guy J. Brown},
  TITLE =        {Recognition of Reverberant Speech by Missing Data Imputation
    and {NMF} Feature Enhancement},
  YEAR =         {2014},
  BOOKTITLE =    {Proc. REVERB Workshop},
  month =        {May}
}
@misc{reverb2014,
  title = {{REVERB} 2014},
  howpublished =
 {\url{http://reverb2014.dereverberation.com/
        workshop/proceedings.html}},
  note = {Online accessed: 2016-03-23}
}
@inproceedings{Mirsamadi2014,
  title={Multichannel Speech Dereverberation Based on Convolutive Nonnegative
    Tensor Factorization for {ASR} Applications},
  author={Seyedmahdad Mirsamadi and John H L Hansen},
  booktitle={Proc. Fifteenth Annual Conference of the International Speech
    Communication Association {(INTERSPEECH)}},
  year={2014}
}
@inproceedings{kameoka2009robust,
  title={Robust speech dereverberation based on non-negativity and sparse nature of speech spectrograms},
  author={ Hirokazu Kameoka and  Tomohiro Nakatani and Takuya Yoshioka},
  booktitle={Proc. IEEE International Conference on Acoustics, Speech and Signal
    Processing {(ICASSP)}},
  pages={45--48},
  year={2009},
  organization=
}
@inproceedings{baby2016supervised,
  title={Supervised speech dereverberation in noisy environments using exemplar-based sparse representations},
  author={Deepak Baby and Hugo Van Hamme},
  booktitle={Proc. IEEE International Conference on Acoustics, Speech and Signal Processing (ICASSP)},
  pages={156--160},
  year={2016},
  organization=
}
@article{mohammadiha2016speech,
  title={Speech dereverberation using non-negative convolutive transfer function and spectro-temporal modeling},
  author={Mohammadiha, Nasser and Doclo, Simon},
  journal={IEEE/ACM Transactions on Audio, Speech and Language Processing (TASLP)},
  volume={24},
  number={2},
  pages={276--289},
  year={2016},
  publisher={IEEE Press}
}
  %journal={IEEE Transactions on Audio, Speech, and Language Processing},
@inproceedings{Mohammadiha2015,
  title={Joint acoustic and spectral modeling for speech dereverberation using
    non-negative representations},
  author={Nasser Mohammadiha and Peter Smaragdis and Simon Doclo},
  booktitle={Proc. IEEE International Conference on Acoustics, Speech and Signal
    Processing {(ICASSP)}},
  year={2015},
  organization=
}
@inproceedings{Kumar2011,
  title={Gammatone sub-band magnitude-domain dereverberation for {ASR}},
  author={Kshitiz Kumar and Rita Singh and Bhiksha Raj and Richard Stern},
  booktitle={Proc. IEEE International Conference on Acoustics, Speech and Signal
    Processing {(ICASSP)}},
  year={2011},
  organization=
}
@phdthesis{Yu2012,
author={Meng Yu},
title={Multi-channel speech enhancement by regularized optimization},
school={University of California, Irvine},
year={2012}
}
@conference{Yu2014,
author={Meng Yu and Frank K. Soong},
  TITLE =        {Speech dereverberation by constrained and regularized multi-channel spectral decomposition: evaluated on {REVERB} challenge},
  YEAR =         {2014},
  BOOKTITLE =    {Proc. REVERB Workshop},
  month =        {May}
}
@article{lee99,
  added-at = {2009-09-09T09:12:51.000+0200},
  author = {Lee, Daniel D. and Seung, H. Sebastian},
  biburl = {http://www.bibsonomy.org/bibtex/2ba1100135fbba9782a6052b95e6f9b05/folke},
  interhash = {b293699f3a0541bd6fb1b10d7f9410ac},
  intrahash = {ba1100135fbba9782a6052b95e6f9b05},
  journal = {Nature},
  key = {Lee and Seung},
  keywords = {clustering factorization matrix multi toread view},
  pages = {788--791},
  timestamp = {2009-09-09T09:12:51.000+0200},
  title = {Learning the parts of objects by nonnegative matrix factorization},
  volume = 401,
  year = 1999
}
@inproceedings{Smaragdis2004ConvolutiveNMF,
    author = {Smaragdis, Paris},
    booktitle = { Fifth International Conference on Independent Component Analysis and Blind Signal Separation},
    day = {22},
    journal = {Lecture Notes in Computer Science},
    month = sep,
    pages = {494+},
    publisher = {Springer-Verlag GmbH},
    title = {Non-negative Matrix Factor Deconvolution; Extraction of Multiple Sound Sources from Monophonic Inputs},
    volume = {3195},
    year = {2004}
}
@article{avargel2007system,
  title={System identification in the short-time {F}ourier transform domain with crossband filtering},
  author={Avargel, Yekutiel and Cohen, Israel},
  journal={IEEE Transactions on Audio, Speech, and Language Processing},
  volume={15},
  number={4},
  pages={1305--1319},
  year={2007},
  publisher={IEEE}
}
@article{Yekutiel2007,
  title={System Identification in the Short-Time Fourier Transform Domain With Crossband Filtering},
  author={Yekutiel Avargel and Israel Cohen},
  journal=IEEE_J_ASLP,
  volume={15},
  number={4},
  pages={1305--1319},
  year={2007},
  publisher={IEEE}
}
@inproceedings{delcroix2014linear,
  title={Linear prediction-based dereverberation with advanced speech enhancement and recognition technologies for the REVERB challenge},
  author={Delcroix, Marc and Yoshioka, Takuya and Ogawa, Atsunori and Kubo, Yotaro and Fujimoto, Masakiyo and Ito, Nobutaka and Kinoshita, Keisuke and Espi, Miquel and Hori, Takaaki and Nakatani, Tomohiro and others},
  booktitle={REVERB Workshop},
  year={2014}
}
@article{anguera2007acoustic,
  title={Acoustic beamforming for speaker diarization of meetings},
  author={Anguera, Xavier and Wooters, Chuck and Hernando, Javier},
  journal=IEEE_J_ASLP,
  volume={15},
  number={7},
  pages={2011--2022},
  year={2007},
  publisher={IEEE}
}
%{IEEE Transactions on Audio, Speech, and Language Processing},
@misc{rir_plot,
  title = {Reverberation},
  howpublished =
 {\url{http://http://lossenderosstudio.com/
            newsletter.php?issue=66}},
  note = {Online accessed: 2016-08-16}
}
@article{garofolo1993timit,
  title={{TIMIT} acoustic-phonetic continuous speech corpus},
  author={John S Garofolo and Lori F Lamel and William M Fisher and Jonathan G Fiscus and David S Pallett and Nancy L Dahlgren and Victor Zue},
  journal={Linguistic data consortium, Philadelphia},
  volume={33},
  year={1993}
}
@phdthesis{seltzer2003micro,
  title={Microphone array processing for robust speech recognition},
  author={Seltzer, Michael L},
  year={2003},
  school={Carnegie Mellon University Pittsburgh, PA}
}
@book{benesty2008microphone,
  title={Microphone array signal processing},
  author={Benesty, Jacob and Chen, Jingdong and Huang, Yiteng},
  volume={1},
  year={2008},
  publisher={Springer Science \& Business Media}
}

@inproceedings{kumatani2010maximum,
  title={Maximum negentropy beamforming using complex generalized gaussian distribution model},
  author={Kumatani, Kenichi and Rauch, Barbara and McDonough, John and Klakow, Dietrich},
  booktitle={Signals, Systems and Computers (ASILOMAR), 2010 Conference Record of the Forty Fourth Asilomar Conference on},
  pages={1420--1424},
  year={2010},
  organization={IEEE}
}

@article{lebart2001new,
  title={A new method based on spectral subtraction for speech dereverberation},
  author={Lebart, Katia and Boucher, Jean-Marc and Denbigh, PN},
  journal={Acta Acustica united with Acustica},
  volume={87},
  number={3},
  pages={359--366},
  year={2001},
  publisher={S. Hirzel Verlag}
}

@article{boll1979suppression,
  title={Suppression of acoustic noise in speech using spectral subtraction},
  author={Boll, Steven},
  journal={IEEE Transactions on acoustics, speech, and signal processing},
  volume={27},
  number={2},
  pages={113--120},
  year={1979},
  publisher={IEEE}
}

@article{gannot2017consolidated,
  title={A Consolidated Perspective on Multimicrophone Speech Enhancement and Source Separation},
  author={Gannot, Sharon and Vincent, Emmanuel and Markovich-Golan, Shmulik and Ozerov, Alexey},
  journal={IEEE/ACM Transactions on Audio, Speech, and Language Processing},
  volume={25},
  number={4},
  pages={692--730},
  year={2017},
  publisher={IEEE}
}

@article{huang2005blind,
  title={A blind channel identification-based two-stage approach to separation and dereverberation of speech signals in a reverberant environment},
  author={Huang, Yiteng and Benesty, Jacob and Chen, Jingdong},
  journal={IEEE Transactions on Speech and Audio Processing},
  volume={13},
  number={5},
  pages={882--895},
  year={2005},
  publisher={IEEE}
}

@article{buchner2005generalization,
  title={A generalization of blind source separation algorithms for convolutive mixtures based on second-order statistics},
  author={Buchner, Herbert and Aichner, Robert and Kellermann, Walter},
  journal={IEEE transactions on speech and audio processing},
  volume={13},
  number={1},
  pages={120--134},
  year={2005},
  publisher={IEEE}
}

@article{buchner2007trinicon,
  title={{TRINICON}-based blind system identification with application to multiple-source localization and separation},
  author={Buchner, Herbert and Aichner, Robert and Kellermann, Walter},
  journal={Blind speech separation},
  pages={101--147},
  year={2007},
  publisher={Springer}
}

@phdthesis{baby2016phd,
author={Deepak Baby},
title={Non-negative Sparse Representations for Speech Enhancement and Recognition},
school={University of Leuven},
year={2016}
}

@article{virtanen2007monaural,
  title={Monaural sound source separation by nonnegative matrix factorization with temporal continuity and sparseness criteria},
  author={Virtanen, Tuomas},
  journal={IEEE transactions on audio, speech, and language processing},
  volume={15},
  number={3},
  pages={1066--1074},
  year={2007},
  publisher={IEEE}
}

@article{baby2015coupled,
  title={Coupled dictionaries for exemplar-based speech enhancement and automatic speech recognition},
  author={Baby, Deepak and Virtanen, Tuomas and Gemmeke, Jort F},
  journal={IEEE/ACM Transactions on Audio, Speech and Language Processing (TASLP)},
  volume={23},
  number={11},
  pages={1788--1799},
  year={2015},
  publisher={IEEE Press}
}

@article{knapp1976generalized,
  title={The generalized correlation method for estimation of time delay},
  author={Knapp, Charles and Carter, Glifford},
  journal={IEEE Transactions on Acoustics, Speech, and Signal Processing},
  volume={24},
  number={4},
  pages={320--327},
  year={1976},
  publisher={IEEE}
}

@article{zhang2008maximum,
  title={Maximum likelihood sound source localization and beamforming for directional microphone arrays in distributed meetings},
  author={Zhang, Cha and Flor{\^e}ncio, Dinei and Ba, Demba E and Zhang, Zhengyou},
  journal={IEEE Transactions on Multimedia},
  volume={10},
  number={3},
  pages={538--548},
  year={2008},
  publisher={IEEE}
}

@inproceedings{cauchi2014joint,
  title={Joint dereverberation and noise reduction using beamforming and a single-channel speech enhancement scheme},
  author={Cauchi, Benjamin and Kodrasi, Ina and Rehr, Robert and Gerlach, Stephan and Juki{\'c}, A and Gerkmann, Timo and Doclo, Simon and Goetze, Stefan},
  booktitle={Proc. REVERB Workshop},
  year={2014}
}

@inproceedings{vu2015speech,
  title={Speech enhancement using beamforming and non negative matrix factorization for robust speech recognition in the CHiME-3 challenge},
  author={Vu, Thanh T and Bigot, Benjamin and Chng, Eng Siong},
  booktitle={Automatic Speech Recognition and Understanding (ASRU), 2015 IEEE Workshop on},
  pages={423--429},
  year={2015},
  organization={IEEE}
}

@inproceedings{barker2015third,
  title={The third ‘{CHiME}’speech separation and recognition challenge: Dataset, task and baselines},
  author={Barker, Jon and Marxer, Ricard and Vincent, Emmanuel and Watanabe, Shinji},
  booktitle={2015 IEEE Workshop on Automatic Speech Recognition and Understanding (ASRU)},
  pages={504--511},
  year={2015},
  organization={IEEE}
}

@inproceedings{wilson2008speech,
  title={Speech denoising using nonnegative matrix factorization with priors},
  author={Wilson, Kevin W and Raj, Bhiksha and Smaragdis, Paris and Divakaran, Ajay},
  booktitle={Proc. IEEE International Conference on Acoustics, Speech and Signal Processing (ICASSP)},
  pages={4029--4032},
  year={2008},
  organization=
}

@article{varga1993assessment,
  title={Assessment for automatic speech recognition: II. NOISEX-92: A database and an experiment to study the effect of additive noise on speech recognition systems},
  author={Varga, Andrew and Steeneken, Herman JM},
  journal={Speech communication},
  volume={12},
  number={3},
  pages={247--251},
  year={1993},
  publisher={Elsevier}
}

@article{hu2008evaluation,
  title={Evaluation of objective quality measures for speech enhancement},
  author={Hu, Yi and Loizou, Philipos C},
  journal={IEEE Transactions on audio, speech, and language processing},
  volume={16},
  number={1},
  pages={229--238},
  year={2008},
  publisher={IEEE}
}

@incollection{kondo2012speech,
  title={Speech Quality},
  author={Kondo, Kazuhiro},
  booktitle={Subjective Quality Measurement of Speech},
  pages={7--20},
  year={2012},
  publisher={Springer}
}

@article{braun2016online,
  title={Online Dereverberation for Dynamic Scenarios Using a Kalman Filter With an Autoregressive Model},
  author={Braun, Sebastian and Habets, Emanu{\"e}l AP},
  journal={IEEE Signal Processing Letters},
  volume={23},
  number={12},
  pages={1741--1745},
  year={2016},
  publisher={IEEE}
}

@article{baby2017joint,
  title={Joint Denoising and Dereverberation Using Exemplar-Based Sparse Representations and Decaying Norm Constraint},
  author={Baby, Deepak and Hugo, Van Hamme},
  journal={IEEE/ACM Transactions on Audio, Speech, and Language Processing},
  volume={25},
  number={10},
  pages={2024--2035},
  year={2017},
  publisher={IEEE}
}

@inproceedings{wood2016blind,
  title={Blind Speech Separation with GCC-NMF.},
  author={Wood, Sean UN and Rouat, Jean},
  booktitle={INTERSPEECH},
  pages={3329--3333},
  year={2016}
}

@inproceedings{vu2015speech,
  title={Speech enhancement using beamforming and non negative matrix factorization for robust speech recognition in the CHiME-3 challenge},
  author={Vu, Thanh T and Bigot, Benjamin and Chng, Eng Siong},
  booktitle={Automatic Speech Recognition and Understanding (ASRU), 2015 IEEE Workshop on},
  pages={423--429},
  year={2015},
  organization={IEEE}
}

@article{kinoshita2016summary,
  title={A summary of the {REVERB} challenge: state-of-the-art and remaining challenges in reverberant speech processing research},
  author={Kinoshita, Keisuke and others},
  journal={EURASIP Journal on Advances in Signal Processing},
  volume={2016},
  number={1},
  pages={7},
  year={2016},
  publisher={Springer}
}

@article{falk2010non,
  title={A non-intrusive quality and intelligibility measure of reverberant and dereverberated speech},
  author={Falk, Tiago H and Zheng, Chenxi and Chan, Wai-Yip},
  journal={IEEE Transactions on {A}udio, {S}peech, and {L}anguage {P}rocessing},
  volume={18},
  number={7},
  pages={1766--1774},
  year={2010},
  publisher={IEEE}
}

@article{hu2008evaluation,
  title={Evaluation of objective quality measures for speech enhancement},
  author={Hu, Yi and Loizou, Philipos C},
  journal={IEEE Transactions on {A}udio, {S}peech, and {L}anguage {P}rocessing},
  volume={16},
  number={1},
  pages={229--238},
  year={2008},
  publisher={IEEE}
}

@inproceedings{mohanan2017speech,
  title={Speech dereverberation using {NMF} with regularized room impulse response},
  author={Mohanan, Nikhil and Velmurugan, Rajbabu and Rao, Preeti},
  booktitle={Proc. IEEE International Conference on Acoustics, Speech and Signal Processing (ICASSP)},
  pages={4955--4959},
  year={2017},
  organization=
}

@inproceedings{wen2008blind,
  title={Blind estimation of reverberation time based on the distribution of signal decay rates},
  author={Wen, Jimi YC and Habets, Emanu{\"e}l AP and Naylor, Patrick A},
  booktitle={2008 IEEE International Conference on Acoustics, Speech and Signal Processing},
  pages={329--332},
  year={2008},
  organization={IEEE}
}

@inproceedings{jeub2010we,
  title={Do we need dereverberation for hand-held telephony?},
  author={Jeub, Marco and Sch{\"a}fer, Magnus and Kr{\"u}ger, Hauke and Nelke, Christoph and Beaugeant, Christophe and Vary, Peter},
  booktitle={Proc. Int. Congress on Acoustics (ICA), Sydney, Australia},
  year={2010}
}

@article{leonard1993tidigits,
  title={Tidigits},
  author={Leonard, R Gary and Doddington, George},
  journal={Linguistic Data Consortium, Philadelphia},
  year={1993}
}

@inproceedings{mohanan201a,
  title={A Non-convolutive {NMF} Model for Speech Dereverberation},
  author={Mohanan, Nikhil and Velmurugan, Rajbabu and Rao, Preeti},
  booktitle={Proc. {INTERSPEECH}},
  pages={1324--1328},
  year={2018}
}

@inproceedings{mohanan201aChime5,
  title={{NMF} based front-end processing in multichannel distant speech recognition},
  author={Mohanan, Nikhil and Velmurugan, Rajbabu and Rao, Preeti},
  booktitle={Workshop on CHiME-5},
  year={2018}
}

@inproceedings{mowlaee2012phase,
  title={Phase estimation for signal reconstruction in single-channel source separation},
  author={Mowlaee, Pejman and Saeidi, Rahim and Martin, Rainer},
  booktitle={Thirteenth Annual Conference of the International Speech Communication Association},
  year={2012}
}

@article{griffin1984signal,
  title={Signal estimation from modified short-time Fourier transform},
  author={Griffin, Daniel and Lim, Jae},
  journal={IEEE Transactions on Acoustics, Speech, and Signal Processing},
  volume={32},
  number={2},
  pages={236--243},
  year={1984},
  publisher={IEEE}
}

@inproceedings{kameoka2009complex,
  title={Complex NMF: A new sparse representation for acoustic signals},
  author={Kameoka, Hirokazu and Ono, Nobutaka and Kashino, Kunio and Sagayama, Shigeki},
  booktitle={IEEE International Conference on Acoustics, Speech and Signal Processing, 2009. ICASSP 2009.},
  pages={3437--3440},
  year={2009},
  organization={IEEE}
}

@inproceedings{panayotov2015librispeech,
  title={Librispeech: an ASR corpus based on public domain audio books},
  author={Panayotov, Vassil and Chen, Guoguo and Povey, Daniel and Khudanpur, Sanjeev},
  booktitle={Acoustics, Speech and Signal Processing (ICASSP), 2015 IEEE International Conference on},
  pages={5206--5210},
  year={2015},
  organization={IEEE}
}

@article{barker2018fifth,
  title={The fifth'CHiME'Speech Separation and Recognition Challenge: Dataset, task and baselines},
  author={Barker, Jon and Watanabe, Shinji and Vincent, Emmanuel and Trmal, Jan},
  journal={arXiv preprint arXiv:1803.10609},
  year={2018}
}

@article{nakatani2010speech,
  title={Speech dereverberation based on variance-normalized delayed linear prediction},
  author={Nakatani, Tomohiro and Yoshioka, Takuya and Kinoshita, Keisuke and Miyoshi, Masato and Juang, Biing-Hwang},
  journal={IEEE Transactions on Audio, Speech, and Language Processing},
  volume={18},
  number={7},
  pages={1717--1731},
  year={2010},
  publisher={IEEE}
}

@article{recommendation2001perceptual,
  title={Perceptual evaluation of speech quality ({PESQ}): An objective method for end-to-end speech quality assessment of narrow-band telephone networks and speech codecs},
  author={Recommendation, ITU-T},
  journal={Rec. ITU-T P. 862},
  year={2001}
}

@article{yoshioka2009integrated,
  title={Integrated speech enhancement method using noise suppression and dereverberation},
  author={Yoshioka, Takuya and Nakatani, Tomohiro and Miyoshi, Masato},
  journal={IEEE Transactions on Audio, Speech, and Language Processing},
  volume={17},
  number={2},
  pages={231--246},
  year={2009},
  publisher={IEEE}
}

@article{li2019multichannel,
  title={Multichannel Online Dereverberation based on Spectral Magnitude Inverse Filtering},
  author={Li, Xiaofei and Girin, Laurent and Gannot, Sharon and Horaud, Radu},
  journal={IEEE/ACM Transactions on Audio, Speech, and Language Processing},
  year={2019},
  publisher={IEEE}
}

@inproceedings{li2017algorithm,
  title={An EM algorithm for audio source separation based on the convolutive transfer function},
  author={Li, Xiaofei and Girin, Laurent and Horaud, Radu},
  booktitle={2017 IEEE Workshop on Applications of Signal Processing to Audio and Acoustics (WASPAA)},
  pages={56--60},
  year={2017},
  organization={IEEE}
}

@article{doire2016single,
  title={Single-channel online enhancement of speech corrupted by reverberation and noise},
  author={Doire, Clement SJ and Brookes, Mike and Naylor, Patrick A and Hicks, Christopher M and Betts, Dave and Dmour, Mohammad A and Jensen, S{\o}ren Holdt},
  journal={IEEE/ACM Transactions on Audio, Speech, and Language Processing},
  volume={25},
  number={3},
  pages={572--587},
  year={2016},
  publisher={IEEE}
}

@article{kressner2018impact,
  title={The impact of reverberation on speech intelligibility in cochlear implant recipients},
  author={Kressner, Abigail Anne and Westermann, Adam and Buchholz, J{\"o}rg M},
  journal={The Journal of the Acoustical Society of America},
  volume={144},
  number={2},
  pages={1113--1122},
  year={2018},
  publisher={ASA}
}

@article{xia2018effects,
  title={Effects of reverberation and noise on speech intelligibility in normal-hearing and aided hearing-impaired listeners},
  author={Xia, Jing and Xu, Buye and Pentony, Shareka and Xu, Jingjing and Swaminathan, Jayaganesh},
  journal={The Journal of the Acoustical Society of America},
  volume={143},
  number={3},
  pages={1523--1533},
  year={2018},
  publisher={ASA}
}

@article{santos2014updating,
  title={Updating the SRMR-CI metric for improved intelligibility prediction for cochlear implant users},
  author={Santos, Jo{\~a}o F and Falk, Tiago H},
  journal={IEEE/ACM Transactions on Audio, Speech and Language Processing (TASLP)},
  volume={22},
  number={12},
  pages={2197--2206},
  year={2014},
  publisher={IEEE Press}
}

@inproceedings{santos2014improved,
  title={An improved non-intrusive intelligibility metric for noisy and reverberant speech},
  author={Santos, Jo{\~a}o F and Senoussaoui, Mohammed and Falk, Tiago H},
  booktitle={2014 14th International Workshop on Acoustic Signal Enhancement (IWAENC)},
  pages={55--59},
  year={2014},
  organization={IEEE}
}

@inproceedings{warzybok2014subjective,
  title={Subjective speech quality and speech intelligibility evaluation of single-channel dereverberation algorithms},
  author={Warzybok, Anna and Kodrasi, Ina and Jungmann, Jan Ole and Habets, Emanu{\"e}l and Gerkmann, Timo and Mertins, Alfred and Doclo, Simon and Kollmeier, Birger and Goetze, Stefan},
  booktitle={2014 14th International Workshop on Acoustic Signal Enhancement (IWAENC)},
  pages={332--336},
  year={2014},
  organization={IEEE}
}

@inproceedings{li2017acoustic,
  title={Acoustic Modeling for Google Home.},
  author={Li, Bo and Sainath, Tara N and Narayanan, Arun and Caroselli, Joe and Bacchiani, Michiel and Misra, Ananya and Shafran, Izhak and Sak, Hasim and Pundak, Golan and Chin, Kean K and others},
  booktitle={Interspeech},
  pages={399--403},
  year={2017}
}

@inproceedings{caroselli2017adaptive,
  title={Adaptive Multichannel Dereverberation for Automatic Speech Recognition.},
  author={Caroselli, Joe and Shafran, Izhak and Narayanan, Arun and Rose, Richard},
  booktitle={Interspeech},
  pages={3877--3881},
  year={2017}
}

@inproceedings{drude2018nara,
  title={NARA-WPE: A Python package for weighted prediction error dereverberation in Numpy and Tensorflow for online and offline processing},
  author={Drude, Lukas and Heymann, Jahn and Boeddeker, Christoph and Haeb-Umbach, Reinhold},
  booktitle={Speech Communication; 13th ITG-Symposium},
  pages={1--5},
  year={2018},
  organization={VDE}
}

@inproceedings{heymann2018frame,
  title={Frame-online DNN-WPE dereverberation},
  author={Heymann, Jahn and Drude, Lukas and Haeb-Umbach, Reinhold and Kinoshita, Keisuke and Nakatani, Tomohiro},
  booktitle={2018 16th International Workshop on Acoustic Signal Enhancement (IWAENC)},
  pages={466--470},
  year={2018},
  organization={IEEE}
}

@inproceedings{wager2018collaborative,
  title={Collaborative Speech Dereverberation: Regularized Tensor Factorization for Crowdsourced Multi-Channel Recordings},
  author={Wager, Sanna and Kim, Minje},
  booktitle={2018 26th European Signal Processing Conference (EUSIPCO)},
  pages={1532--1536},
  year={2018},
  organization={IEEE}
}

@article{li2018multichannel,
  title={Multichannel identification and nonnegative equalization for dereverberation and noise reduction based on convolutive transfer function},
  author={Li, Xiaofei and Gannot, Sharon and Girin, Laurent and Horaud, Radu},
  journal={IEEE/ACM Transactions on Audio, Speech, and Language Processing},
  volume={26},
  number={10},
  pages={1755--1768},
  year={2018},
  publisher={IEEE}
}

@article{xu1995least,
  title={A least-squares approach to blind channel identification},
  author={Xu, Guanghan and Liu, Hui and Tong, Lang and Kailath, Thomas},
  journal={IEEE Transactions on signal processing},
  volume={43},
  number={12},
  pages={2982--2993},
  year={1995},
  publisher={IEEE}
}

@article{huang2003class,
  title={A class of frequency-domain adaptive approaches to blind multichannel identification},
  author={Huang, Yiteng and Benesty, Jacob},
  journal={IEEE Transactions on signal processing},
  volume={51},
  number={1},
  pages={11--24},
  year={2003},
  publisher={IEEE}
}

@article{gurelli1995evam,
  title={EVAM: An eigenvector-based algorithm for multichannel blind deconvolution of input colored signals},
  author={Gurelli, Mehmet I and Nikias, Chrysostomos L},
  journal={IEEE Transactions on Signal Processing},
  volume={43},
  number={1},
  pages={134--149},
  year={1995},
  publisher={IEEE}
}

@article{gannot2003subspace,
  title={Subspace methods for multimicrophone speech dereverberation},
  author={Gannot, Sharon and Moonen, Marc},
  journal={EURASIP Journal on Advances in Signal Processing},
  volume={2003},
  number={11},
  pages={769285},
  year={2003},
  publisher={Springer}
}

@article{huang2002adaptive,
  title={Adaptive multi-channel least mean square and Newton algorithms for blind channel identification},
  author={Huang, Yiteng Arden and Benesty, Jacob},
  journal={Signal Processing},
  volume={82},
  number={8},
  pages={1127--1138},
  year={2002},
  publisher={Elsevier}
}

@article{neely1979invertibility,
  title={Invertibility of a room impulse response},
  author={Neely, Stephen T and Allen, Jont B},
  journal={The Journal of the Acoustical Society of America},
  volume={66},
  number={1},
  pages={165--169},
  year={1979},
  publisher={Acoustical Society of America}
}

@inproceedings{mourjopoulos1982comparative,
  title={A comparative study of least-squares and homomorphic techniques for the inversion of mixed phase signals},
  author={Mourjopoulos, John and Clarkson, P and Hammond, J},
  booktitle={ICASSP'82. IEEE International Conference on Acoustics, Speech, and Signal Processing},
  volume={7},
  pages={1858--1861},
  year={1982},
  organization={IEEE}
}

@article{radlovic2000nonminimum,
  title={Nonminimum-phase equalization and its subjective importance in room acoustics},
  author={Radlovic, Biljana D and Kennedy, Rodney A},
  journal={IEEE Transactions on Speech and Audio Processing},
  volume={8},
  number={6},
  pages={728--737},
  year={2000},
  publisher={IEEE}
}

@article{miyoshi1988inverse,
  title={Inverse filtering of room acoustics},
  author={Miyoshi, Masato and Kaneda, Yutaka},
  journal={IEEE Transactions on acoustics, speech, and signal processing},
  volume={36},
  number={2},
  pages={145--152},
  year={1988},
  publisher={IEEE}
}

@inproceedings{yamada1991recovering,
  title={Recovering of broadband reverberant speech signal by sub-band MINT method},
  author={Yamada, Hideaki and Wang, Hong and Itakura, Fumitada},
  booktitle={[Proceedings] ICASSP 91: 1991 International Conference on Acoustics, Speech, and Signal Processing},
  pages={969--972},
  year={1991},
  organization={IEEE}
}

@article{nelson1995inverse,
  title={Inverse filter design and equalization zones in multichannel sound reproduction},
  author={Nelson, Philip A and Orduna-Bustamante, Felipe and Hamada, Hareo},
  journal={IEEE Transactions on Speech and Audio Processing},
  volume={3},
  number={3},
  pages={185--192},
  year={1995},
  publisher={IEEE}
}

@inproceedings{nishiura2001speech,
  title={Speech enhancement by multiple beamforming with reflection signal equalization},
  author={Nishiura, Takanobu and Nakanura, S and Shikano, Kiyohiro},
  booktitle={2001 IEEE International Conference on Acoustics, Speech, and Signal Processing. Proceedings (Cat. No. 01CH37221)},
  volume={1},
  pages={189--192},
  year={2001},
  organization={IEEE}
}

@article{ratnam2003blind,
  title={Blind estimation of reverberation time},
  author={Ratnam, Rama and Jones, Douglas L and Wheeler, Bruce C and O’Brien Jr, William D and Lansing, Charissa R and Feng, Albert S},
  journal={The Journal of the Acoustical Society of America},
  volume={114},
  number={5},
  pages={2877--2892},
  year={2003},
  publisher={Acoustical Society of America}
}
